
 @article{enmi,
 	author = "角谷 雄哉 and 鳴海 拓志 and 小早川 達 and 河合 祟行 and 日下部 裕子 and 國枝 里美 and 和田 有史",
 	title =	 "呼吸と連動した醤油の匂い提示による塩味増強効果",
 	journal = "日本バーチャルリアリティ学会論文誌",
 	volume = 24,
 	pages =	"77--82",
 	number = 4,
 	year = 2019}


@article{narumi2,
 	author = "鳴海 拓志 and 谷川 智洋 and 梶波 崇 and 廣瀬 通孝",
 	title =	"メタクッキー:感覚相互作用を用いた味覚ディスプレイの検討",
 	journal = "日本バーチャルリアリティ学会論文誌",
 	volume = 15,
 	number = 4,
 	pages =	"579--588",
 	year = 2010}


@article{fan,
		author =	"白須 椋介 and 羽田 久一 ",
		title =		"視覚と嗅覚の相互作用における味覚変容の検討",
		journal =	"研究報告デジタルコンテンツクリエーション（DCC）",
		volume =	53,
		pages =		"1--6",
		year =		2019}


@article{pomp,
		author =	"白須 椋介 and 羽田 久一 ",
		title =		"複合感覚によるリアルタイム味覚変容デバイスの開発",
		journal =	"エンタテインメントコンピューティングシンポジウム2019論文集",
		pages =		"310--316",
		year =		2019}


@article{hasi,
	author =	"岡崎 翔悟 and 井上 亮文 and 星 徹",
	title =		"レトロネイザル嗅覚の刺激による接触物の風味増強システムの開発",
	journal =	"エンタテインメントコンピューティングシンポジウム2017論文集",
	volume =	43,
	pages =		"1--7",
	year =		2006}


@article{hirose,
	author =	"横山 智史 and 谷川 智洋 and 広田 光一 and 廣瀬 通孝",
	title =		"ウェアラブル嗅覚ディスプレイによる匂い場の生成・提示",
	journal =	"日本バーチャルリアリティ学会論文誌",
	volume =	9,
	number =	3,
	pages =		"265--274",
	year =		2004}


@article {vock,
	author =	 " Nimesha Ranasinghe、Thi Ngoc Tram Nguyen、Yan Liangkun、Lien-Ya Lin、David Tolley、Ellen Yi-Luen Do ",
	title =		 " Vocktail：デジタルの味,香り,色の感覚をペアリングするための仮想カクテル",
	journal =	 " MM'17,2017年10月23〜27日,カリフォルニア州マウンテンマウンテンビュー",}


@article{uzuwa,
	author =	"柳田 康孝",
	title =		"渦輪を利用した局所的香り提示技術の現状と課題",
	journal =	"日本バーチャルリアリティ学会論文誌",
	volume =	19,
    number =	1,
	pages =		"29--36",
	year =		2014}


@article{essence,
	author =	"Judith Amores and Pattie Maes",
	title = 	"Essence: Olfactory Interfaces for Unconscious Influence of Mood and Cognitive Performance",
	journal =	"CHI 2017, May 6-11, 2017, Denver, CO, USA",
	year =		2017}


@inproceedings{Transfork,
	address = {New York, New York, USA},
	author = {Lin, Ying-Li and Chou, Tsai-Yi and Lieo, Yu-Cheng and Huang, Yu-Cheng and Han, Ping-Hsuan},
	booktitle = {Proceedings of the 24th ACM Symposium on Virtual Reality Software and Technology  - VRST '18},
	doi = {10.1145/3281505.3281560},
	file = {::},
	isbn = {9781450360869},
	pages = {1--2},
	publisher = {ACM Press},
	title = {{TransFork}},
	url = {http://dl.acm.org/citation.cfm?doid=3281505.3281560},
	year = {2018}
}

@article{nakamura2,
	author =  "中村 雅也 and 鈴木 優",
	title =		"方向提示が可能な嗅覚デバイスの開発とその応用",
	journal =	"インタラクション2018論文集",
	pages =		"985--987",
	year =		2018}


@article{colorodor,
	author =	"Shuai Li,Jing Chen,Mengda Li,Jie Lin,Guanyun Wang",
	title =		"ColorOdor: Odor Broadens The Color Identification of The Blind",
	journal =	"CHI 2017, May 6-11, 2017, Denver, CO, USA",
	year =		2017}

@misc{wada,
    author  = {和田有史},
    title   = {「おいしさ」を感じるしくみ ～匂い、味、呼吸のマリアージュ～ 後編},
    note    = {\url{https://news.mynavi.jp/article/food_science-2/}},
    year    = {2019}
}