%日本語版 BibTeX ファイルサンプル

@preamble{ "\newcommand{\noopsort}[1]{} "
	# "\newcommand{\printfirst}[2]{#1} "
	# "\newcommand{\singleletter}[1]{#1} "
	# "\newcommand{\switchargs}[2]{#2#1} " }

@article{ Ito04,
	author = {T. Itoh and Y. Yamaguchi and Y. Ikehata and Y. Kajinaga},
	title = {Hierarchical Data Visualization Using a Fast Rectangle-Packing Algorithm},
	journal= {IEEE Transactions on Visualization and Computer Graphics},
	year = 2004,
	volume = 10,
	pages = {302--313}
}

@misc{ ArtScience,
	author = {芸術科学会},
	title = {芸術科学会論文誌 Web ページ},
	howpublished = {\url{http://art-science.org/journal/}},
	note = {参照: 2014-12-10}
}
